<collection xmlns="http://www.loc.gov/MARC21/slim">
<record>
  <leader>00272na 0a22000851i 450 </leader>
  <controlfield tag="001">IT\ICCU\CNCE\069857</controlfield>
  <controlfield tag="005">20080421000000.0</controlfield>
  <datafield tag="100" ind1=" " ind2=" ">
    <subfield code="a">20070309             0itac0103    ba</subfield>
  </datafield>
  <datafield tag="200" ind1="1" ind2=" ">
    <subfield code="a">Prouisione sopra la prohibitione di potersi agucchiare lane, &amp; stami in Fiorenza</subfield>
  </datafield>
  <datafield tag="801" ind1=" " ind2="3">
    <subfield code="a">IT</subfield>
    <subfield code="b">ICCU</subfield>
    <subfield code="c">20201115</subfield>
  </datafield>
</record>
</collection>
